%% This BibTeX bibliography file was created using BibDesk.
%% http://bibdesk.sourceforge.net/


%% Created for Matthias Geissb√ºhler at 2011-03-21 13:46:46 +0100 


%% Saved with string encoding Unicode (UTF-8) 

@misc{Authors14,
 author = {Full Author Name},
 title = {The Frobnicatable Foo Filter},
 note = {Face and Gesture  submission ID 324. Supplied as additional material {\tt fg324.pdf}},
 year = 2014
}

@misc{Authors14b,
 author = {Full Author Name},
 title = {Frobnication Tutorial},
 note = {Supplied as additional material {\tt tr.pdf}},
 year = 2014
}

@article{Alpher02,
author = {Alvin Alpher},
title = {Frobnication},
journal = {Journal of Foo},
volume = 12, 
number = 1, 
pages = {234--778}, 
year = 2002
}

@article{Alpher03,
author = {Alvin Alpher and Ferris P.~N. Fotheringham-Smythe},
title = {Frobnication Revisited},
journal = {Journal of Foo},
volume = 13, 
number = 1, 
pages = {234--778}, 
year = 2003
}

@article{Alpher04,
author = {Alvin Alpher and Ferris P.~N. Fotheringham-Smythe and Gavin Gamow},
title = {Can a Machine Frobnicate?},
journal = {Journal of Foo},
volume = 14, 
number = 1, 
pages = {234--778}, 
year = 2004
}

@techreport{atc13,
	Address = {California},
	Author = {{Applied Technology Council}},
	Date-Modified = {2011-03-21 13:46:44 +0100},
	Institution = {Seismic Safety Commission, Applied Technology Council (\textsc{atc})},
	Keywords = {ATC},
	Owner = {oropeza},
	Timestamp = {2008.01.11},
	Title = {{E}arthquake damage evaluation data for {C}alifornia},
	Year = {1985}}


